% IMPORTANT: Latex special characters are: # $ % & \ ^ _ { } ~. To avoid mistakes when compiling the reference list try writing \ before. For: \ use \textbackslash ; for ^ \textasciitilde and ~ \textasciicircum.

% usage:
% - \parencite[prenote][postnote]{id}
% https://www.overleaf.com/learn/latex/How_to_Write_a_Thesis_in_LaTeX_(Part_4)%3A_Bibliographies_with_BibLaTeX

% @book{key,
%   author         = {},
%   title          = {},
%   edition        = {},
%   series         = {},
%   publisher      = {},
%   year           = {},
%   url            = {},
% }

% @article{key,
%   author          = {},
%   journal         = {},
%   number          = {},
%   title           = {},
%   volume          = {},
%   year            = {},
%   doi             = {},
% }

% @online{key,
%   author          = {},
%   title           = {},
%   year            = {},
%   url             = {},
%   urldate         = {},
% }

@techreport{requirementsIEEE,
  title           = {{IEEE Guide for Software Requirements Specifications}},
  type            = {IEEE Std.},
  number          = {830-1984},
  year            = {1984},
  institution     = {Institute of Electrical and Electronics Engineers},
  doi             = {10.1109/IEEESTD.1984.119205},
}

@article{UMLSpec,
  author          = {Steve Cook and Conrad Bock and Pete Rivett and Tom Rutt and Ed Seidewitz and Bran Selic and Doug Tolbert},
  title           = {Unified {M}odeling {Language} Specification},
  version         = {2.5.1},
  institution     = {Object Management Group},
  type            = {Standard},
  month           = Dec,
  year            = {2017},
  url             = {https://www.omg.org/spec/UML/2.5.1},
}
